<?xml version="1.0" encoding="UTF-8"?><record xmlns="http://www.loc.gov/MARC21/slim" xmlns:cinclude="http://apache.org/cocoon/include/1.0" xmlns:zs="http://www.loc.gov/zing/srw/">
  <leader>00336nz  a2200121n  4500</leader>
  <controlfield tag="001">n 2008018215</controlfield>
  <controlfield tag="003">DLC</controlfield>
  <controlfield tag="005">20080314080530.0</controlfield>
  <controlfield tag="008">080313n| acannaabn          |n aaa      </controlfield>
  <datafield tag="010" ind1=" " ind2=" ">
    <subfield code="a">n 2008018215</subfield>
  </datafield>
  <datafield tag="040" ind1=" " ind2=" ">
    <subfield code="a">DLC</subfield>
    <subfield code="b">eng</subfield>
    <subfield code="c">DLC</subfield>
  </datafield>
  <datafield tag="100" ind1="1" ind2=" ">
    <subfield code="a">Baanders, Bas,</subfield>
    <subfield code="d">1959-</subfield>
  </datafield>
  <datafield tag="670" ind1=" " ind2=" ">
    <subfield code="a">Overgeleverd aan de toekomst, c2007:</subfield>
    <subfield code="b">t.p. (Bas Baanders) cover (b. 1959)</subfield>
  </datafield>
</record>